@article{church1936,
	author = {Alonzo Church},
	title = {An Unsolvable Problem of Elementary Number Theory},
	journaltitle = {American Journal of Mathematics},
	year = {1936},
	month = {4},
	volume = {58},
	number = {2},
	pages = {345-363},
}
@article{church1940,
	author = {Alonzo Church},
	title = {A Formulation of the Simple Theory of Types},
	journaltitle = {The Journal of Symbolic Logic},
	year = {1940},
	month = {6},
	volume = {5},
	number = {2},
	pages = {56-68},
}
@article{reynolds1974,
	author = {John C. Reynolds},
	title = {Towards a Theory of Type Structure},
	journal = {Colloquium on Programming},
	location = {Paris},
	year = {1974},
}
@article{wadler2015,
	author = {Philip Wadler},
	title = {Propositions as Types},
	journal = {Communications of the ACM},
	year = {2015},
	month = {12},
	volume = {58},
	number = {12}
}
@article{hindley1969,
	author = {Roger J. Hindley},
	title = {The Principal Type-Scheme of an Object in Combinatory Logic},
	journaltitle = {Transactions of the American Mathematical Society},
	year = {1969},
	month = {12},
	volume = {146}
}
@article{milner1978,
	author = {Robin Milner},
	title = {A Theory of Type Polymorphism in Programming},
	journaltitle = {Journal of Computer and System Sciences},
	year = {1978},
	volume = {17},
	pages = {348-375}
}
@book{curryfeys1958,
	author = {Haskell Brooks Curry and Robert Feys and William Craig},
	title = {Combinatory Logic, Volume I },
	year = {1958},
	series = {Studies in Logic and the Foundations of Mathematics 22},
	ISBN = {9780720422085},
	publisher = {North-Holland Publishing Company}
}
@inproceedings{milner1982,
	author = {Luis Damas and Robin Milner},
	title = {Principal type-schemes for functional programs},
	booktitle = {POPL '82: Proceedings of the 9th ACM SIGPLAN-SIGACT symposium on Principles of programming languages},
	year = {1982},
	pages = {207-212}
}
@book{martinlof1980,
	author = {Per Martin-LÃ¶f},
	title = {Intuitionistic Type Theory},
	note = {Notes by Giovanni Sambin of a series of lectures given in Padua, June 1980},
	year = {1984},
	publisher = {Bibliopolis}
}
@unpublished{norell,
	author = {Ulf Norell and James Chapman},
	title = {Dependently Typed Programming in Agda}
}
@article{conor,
	author = {Conor McBride},
	title = {How to Keep Your Neighbours in Order},
	year = {2014},
	month = {8},
	journal = {ACM SIGPLAN Notices},
	volume = {49},
	number = {9}
}


